@inproceedings{farbman2011tonal,
  title={Tonal stabilization of video},
  author={Farbman, Zeev and Lischinski, Dani},
  booktitle={ACM Transactions on Graphics (TOG)},
  volume={30},
  number={4},
  pages={89},
  year={2011},
  organization={ACM}
}

@article{fowlkes2004spectral,
  title={Spectral grouping using the Nystrom method},
  author={Fowlkes, Charless and Belongie, Serge and Chung, Fan and Malik, Jitendra},
  journal={Pattern Analysis and Machine Intelligence, IEEE Transactions on},
  volume={26},
  number={2},
  pages={214--225},
  year={2004},
  publisher={IEEE}
}